10400000         27895871700013837662002P    0000   0426500003000000300 ROMAGNOLE PRODUTOS ELETRICOS SCAIXA                                   11201202213545400074008001600                                                      000            
10407401C3001041 27895871700013837662002000402      0426500003000000300 ROMAGNOLE PRODUTOS ELETRICOS S                                        AV AV DAS INDUSTRIAS PQ INDUST00000               MANDAGUARI          86975000PR                  
1040740300001A00000010400309 0009887928378 ADEILDO MARIANO DA SILVA      000001             014012022BRL000000000000000000000000075062000000000   01N1140000000000000000000000000                                        00          0          
1040740300002B   100010101401400JOSE BENVENUTO GIACOMELI      00000               JOAO DA SILVEIRITAPOLIS            14900000SP14012022000000000000000000000000000000000000000000000000000000000000000000000000000                              
10407405         001354000000000064127887000000000000000000000000                                                                                                                                                                               
10407401C2001041 27895871700013837662002000402      0426500003000000300 ROMAGNOLE PRODUTOS ELETRICOS S                                        AV AV DAS INDUSTRIAS PQ INDUST00000               MANDAGUARI          86975000PR                  
1040740300001A00000010400309 0009887928378 ADEILDO MARIANO DA SILVA      000001             014012022BRL000000000000000000000000075062000000000   01N1140000000000000000000000000                                        00          0          
1040740300002B   100010101401400JOSE BENVENUTO GIACOMELI      00000               JOAO DA SILVEIRITAPOLIS            14900000SP14012022000000000000000000000000000000000000000000000000000000000000000000000000000                              
10407405         001354000000000064127887000000000000000000000000                                                                                                                                                                               
10499999         000001001356000000                                                                                                                                                                                                             
